@article{FFNN,
  title={Encoder-Decoder モデルを用いた文章表現を豊かにする執筆支援システム},
  author={鈴木勘太 and 杉本徹},
  journal={言語処理学会 第27回年次大会 発表論文集},
  pages={1862--1866},
  year={2021}
}

@Misc{aaaa,
  author = {ゆるいDeep Learning},
  title = {PyTorchで自然言語処理でよく使用されるTransformerを少ないコードで使用してみる},
  note = "\url{https://www.yurui-deep-learning.com/2021/01/07/pytorch-transformer/}"
}
